% Encoding: UTF-8

@InProceedings{Winery,
  author    = {Oliver Kopp and others},
  title     = {{Winery -- A Modeling Tool for {TOSCA}-based Cloud Applications}},
  booktitle = {Proceedings of 11\textsuperscript{th} International Conference on Service-Oriented Computing (ICSOC'13)},
  year      = {2013},
  volume    = {8274},
  series    = {LNCS},
  pages     = {700--704},
  publisher = {Springer Berlin Heidelberg},
  doi       = {10.1007/978-3-642-45005-1_64},
  keywords  = {Cloud Applications; Modeling; TOSCA; Management; Portability},
}

@Article{Binz2009,
  author      = {Tobias Binz and Gerd Breiter and Frank Leymann and Thomas Spatzier},
  title       = {{Portable Cloud Services Using TOSCA}},
  journal     = {IEEE Internet Computing},
  year        = {2012},
  pages       = {80--85},
  volume      = {16},
  number      = {03},
  issn        = {1089-7801},
  doi         = {10.1109/mic.2012.43},
  month       = may,
  publisher   = {IEEE Computer Society},
}

@Manual{mwe,
  author = {Martin Scharrer},
  title  = {The \texttt{mwe} Package},
  year   = {2017},
  url    = {http://texdoc.net/mwe},
}

@Manual{bitcoinbook,
author = {Antonopoulos, Andreas M.},
title = {Mastering Bitcoin: Programming the Open Blockchain},
year = {2021},
isbn = {1491954388},
edition = {2nd},
url = {https://github.com/bitcoinbook/bitcoinbook},
abstract = {Join the technological revolution that's taking the world of finance by storm. Mastering Bitcoin is your guide through the seemingly complex world of bitcoin, providing the knowledge you need to participate in the internet of money. Whether you're building the next killer app, investing in a startup, or simply curious about the technology, this revised and expanded second edition provides essential detail to get you started. Bitcoin, the first successful decentralized digital currency, is still in its early stages and yet it's already spawned a multi-billion dollar global economy. This economy is open to anyone with the knowledge and passion to participate. Mastering Bitcoin provides the knowledge. You simply supply the passion. The second edition includes: A broad introduction to bitcoin--ideal for non-technical users, investors, and business executives An explanation of the technical foundations of bitcoin and cryptographic currencies for developers, engineers, and software and systems architects Details of the bitcoin decentralized network, peer-to-peer architecture, transaction lifecycle, and security principles New developments such as Segregated Witness, Payment Channels, and Lightning Network Improved explanations of keys, addresses and walletsUser stories, analogies, examples, and code snippets illustrating key technical concepts}
}

@Comment{jabref-meta: databaseType:bibtex;}
